@misc{abraham2020polynomials,
  author = {Ittai Abraham},
  title = {Decentralized Thoughts: The Marvels of Polynomials over a Field},
  year = {2020},
  url = {https://decentralizedthoughts.github.io/2020-07-17-the-marvels-of-polynomials-over-a-field/}
}

@article{allan78domination,
  author = {Allan, Robert B. and Laskar, Renu},
  title = {On domination and independent domination numbers of a graph},
  year = {1978},
  pages = {73--76},
  doi = {10.1016/0012-365X(78)90105-X},
  journal = {Discrete Mathematics},
  number = {2},
  volume = {23}
}

@inproceedings{angluin80local,
  author = {Angluin, Dana},
  title = {Local and global properties in networks of processors},
  year = {1980},
  doi = {10.1145/800141.804655},
  booktitle = {Proc.\ 12th Annual ACM Symposium on Theory of Computing (STOC 1980)}
}

@misc{astrand10weakly-coloured,
  author = {{\AA}strand, Matti and Polishchuk, Valentin and Rybicki, Joel and Suomela, Jukka and Uitto, Jara},
  title = {Local algorithms in (weakly) coloured graphs},
  year = {2010},
  eprint = {1002.0125}
}

@article{Awerbuch1985,
  author = {Baruch Awerbuch},
  title = {Complexity of Network Synchronization},
  journal = {Journal of the ACM},
  volume = {32},
  number = {4},
  pages = {804--823},
  year = {1985},
  doi = {10.1145/4221.4227}
}

@inproceedings{balliu20binary-labeling,
  author = {Balliu, Alkida and Brandt, Sebastian and Efron, Yuval and Hirvonen, Juho and Maus, Yannic and Olivetti, Dennis and Suomela, Jukka},
  title = {Classification of distributed binary labeling problems},
  year = {2020},
  doi = {10.4230/LIPIcs.DISC.2020.17},
  eprint = {1911.13294},
  booktitle = {Proc.\ 34th International Symposium on Distributed Computing (DISC 2020)}
}

@book{barenboim13distributed,
  author = {Barenboim, Leonid and Elkin, Michael},
  title = {Distributed Graph Coloring: Fundamentals and Recent Developments},
  year = {2013},
  doi = {10.2200/S00520ED1V01Y201307DCT011},
  publisher = {Morgan \& Claypool},
  booktitle = {Synthesis Lectures on Distributed Computing Theory}
}

@inproceedings{barenboim18iterative,
  author = {Leonid Barenboim and Michael Elkin and Uri Goldenberg},
  title = {Locally-Iterative Distributed {$(\Delta+1)$}-Coloring below {Szegedy-Vishwanathan} Barrier, and Applications to Self-Stabilization and to Restricted-Bandwidth Models},
  booktitle = {Proc.\ 37th ACM Symposium on Principles of Distributed Computing (PODC 2018)},
  year = {2018},
  doi = {10.1145/3212734.3212769},
  eprint = {1712.00285}
}

@inproceedings{brandt16lll,
  author = {Brandt, Sebastian and Fischer, Orr and Hirvonen, Juho and Keller, Barbara and Lempi{\"a}inen, Tuomo and Rybicki, Joel and Suomela, Jukka and Uitto, Jara},
  title = {A lower bound for the distributed {L}ov{\'a}sz local lemma},
  year = {2016},
  doi = {10.1145/2897518.2897570},
  eprint = {1511.00900},
  booktitle = {Proc.\ 48th ACM Symposium on Theory of Computing (STOC 2016)}
}

@inproceedings{Brandt2019automatic,
  author = {Brandt, Sebastian},
  booktitle = {Proc.\ 38th ACM Symposium on Principles of Distributed Computing (PODC 2019)},
  doi = {10.1145/3293611.3331611},
  eprint = {1902.09958},
  title = {An Automatic Speedup Theorem for Distributed Problems},
  year = {2019}
}

@book{bondy76graph-theory,
  author = {Bondy, John A. and Murty, U. S. R.},
  title = {Graph Theory with Applications},
  year = {1976},
  publisher = {North-Holland}
}

@inproceedings{chang16exponential,
  author = {Chang, Yi-Jun and Kopelowitz, Tsvi and Pettie, Seth},
  booktitle = {Proc.\ 57th IEEE Symposium on Foundations of Computer Science (FOCS 2016)},
  doi = {10.1109/FOCS.2016.72},
  eprint = {1602.08166},
  pages = {615--624},
  publisher = {IEEE},
  title = {An Exponential Separation between Randomized and Deterministic Complexity in the {LOCAL} Model},
  year = {2016}
}

@article{Chang2019,
  author = {Chang, Yi-Jun and Pettie, Seth},
  doi = {10.1137/17M1157957},
  eprint = {1704.06297},
  journal = {SIAM Journal on Computing},
  number = {1},
  pages = {33--69},
  title = {A Time Hierarchy Theorem for the LOCAL Model},
  volume = {48},
  year = {2019}
}

@article{chebyshev1852primes,
  author = {Chebyshev, Pafnuty},
  title = {Mémoire sur les nombres premiers},
  journal = {Journal de mathématiques pures et appliquées},
  number = {1},
  volume = {17},
  pages = {366--390},
  year = {1852}
}

@article{cole86deterministic,
  author = {Cole, Richard and Vishkin, Uzi},
  title = {Deterministic coin tossing with applications to optimal parallel list ranking},
  year = {1986},
  pages = {32--53},
  doi = {10.1016/S0019-9958(86)80023-7},
  journal = {Information and Control},
  number = {1},
  volume = {70}
}

@book{diestel05graph,
  author = {Diestel, Reinhard},
  title = {Graph Theory},
  year = {2005},
  url = {http://diestel-graph-theory.com/},
  publisher = {Springer},
  edition = {3rd}
}

@book{Dolev2000,
  author = {Dolev, Shlomi},
  publisher = {MIT Press},
  title = {Self-Stabilization},
  year = {2000}
}

@inproceedings{Dolev2012,
  author = {Dolev, Danny and Lenzen, Christoph and Peled, Shir},
  booktitle = {Proc.\ 26th International Symposium on Distributed Computing (DISC 2012)},
  doi = {10.1007/978-3-642-33651-5_14},
  eprint = {1201.6652},
  title = {``{Tri}, Tri Again'': Finding Triangles and Small Subgraphs in a Distributed Setting},
  year = {2012}
}

@inproceedings{friedman11deterministic,
  author = {Friedman, Roy and Kogan, Alex},
  title = {Deterministic dominating set construction in networks with bounded degree},
  year = {2011},
  doi = {10.1007/978-3-642-17679-1_6},
  booktitle = {Proc.\ 12th International Conference on Distributed Computing and Networking (ICDCN 2011)}
}

@inproceedings{ghaffari17distributed,
  author = {Ghaffari, Mohsen and Su, Hsin-Hao},
  booktitle = {Proc.\ 28th ACM-SIAM Symposium on Discrete Algorithms (SODA 2017)},
  doi = {10.1137/1.9781611974782.166},
  eprint = {1608.03220},
  title = {Distributed Degree Splitting, Edge Coloring, and Orientations},
  year = {2017}
}

@article{ghaffari19degree-splitting,
  author = {Ghaffari, Mohsen and Hirvonen, Juho and Kuhn, Fabian and Maus, Yannic and Suomela, Jukka and Uitto, Jara},
  title = {Improved distributed degree splitting and edge coloring},
  year = {2020},
  pages = {293--310},
  doi = {10.1007/s00446-018-00346-8},
  eprint = {1706.04746},
  journal = {Distributed Computing},
  volume = {33}
}

@article{goldberg88parallel,
  author = {Goldberg, Andrew V. and Plotkin, Serge A. and Shannon, Gregory E.},
  title = {Parallel symmetry-breaking in sparse graphs},
  year = {1988},
  pages = {434--446},
  doi = {10.1137/0401044},
  journal = {SIAM Journal on Discrete Mathematics},
  number = {4},
  volume = {1}
}

@inproceedings{hanckowiak98distributed,
  author = {Ha{\'n}{\'c}kowiak, Micha{\l} and Karo{\'n}ski, Micha{\l} and Panconesi, Alessandro},
  title = {On the distributed complexity of computing maximal matchings},
  year = {1998},
  booktitle = {Proc.\ 9th Annual ACM-SIAM Symposium on Discrete Algorithms (SODA 1998)}
}

@inproceedings{holzer12apsp,
  author = {Holzer, Stephan and Wattenhofer, Roger},
  title = {Optimal distributed all pairs shortest paths and applications},
  year = {2012},
  doi = {10.1145/2332432.2332504},
  booktitle = {Proc.\ 31st Annual ACM Symposium on Principles of Distributed Computing (PODC 2012)}
}

@incollection{Karloff2010,
  author = {Karloff, Howard and Suri, Siddharth and Vassilvitskii, Sergei},
  booktitle = {Proc.\ 21st Annual ACM-SIAM Symposium on Discrete Algorithms (SODA 2010)},
  doi = {10.1137/1.9781611973075.76},
  title = {A Model of Computation for {MapReduce}},
  year = {2010}
}

@inproceedings{Klauck2015,
  author = {Klauck, Hartmut and Nanongkai, Danupon and Pandurangan, Gopal and Robinson, Peter},
  booktitle = {Proc.\ 26th Annual ACM-SIAM Symposium on Discrete Algorithms (SODA 2015)},
  doi = {10.1137/1.9781611973730.28},
  title = {Distributed Computation of Large-scale Graph Problems},
  year = {2015}
}

@inproceedings{korman11removing,
  author = {Korman, Amos and Sereni, Jean-S{\'e}bastien and Viennot, Laurent},
  title = {Toward more localized local algorithms: removing assumptions concerning global knowledge},
  year = {2011},
  doi = {10.1145/1993806.1993814},
  booktitle = {Proc.\ 30th Annual ACM Symposium on Principles of Distributed Computing (PODC 2011)}
}

@inproceedings{Lenzen2013,
  author = {Lenzen, Christoph},
  booktitle = {Proc.\ 32nd Annual ACM symposium on Principles of Distributed Computing (PODC 2013)},
  doi = {10.1145/2484239.2501983},
  eprint = {1207.1852},
  title = {Optimal deterministic routing and sorting on the congested clique},
  year = {2013}
}

@inproceedings{lenzen09local-self-stab,
  author = {Lenzen, Christoph and Suomela, Jukka and Wattenhofer, Roger},
  title = {Local algorithms: self-stabilization on speed},
  year = {2009},
  doi = {10.1007/978-3-642-05118-0_2},
  booktitle = {Proc.\ 11th International Symposium on Stabilization, Safety, and Security of Distributed Systems (SSS 2009)}
}

@article{linial92locality,
  author = {Linial, Nathan},
  title = {Locality in distributed graph algorithms},
  year = {1992},
  pages = {193--201},
  doi = {10.1137/0221015},
  journal = {SIAM Journal on Computing},
  number = {1},
  volume = {21}
}

@article{Lotker2005,
  author = {Lotker, Zvi and Patt-Shamir, Boaz and Pavlov, Elan and Peleg, David},
  doi = {10.1137/S0097539704441848},
  journal = {SIAM Journal on Computing},
  number = {1},
  pages = {120--131},
  title = {Minimum-Weight Spanning Tree Construction in {$O(\log \log n)$} Communication Rounds},
  volume = {35},
  year = {2005}
}

@article{Naor1991,
  author = {Naor, Moni},
  doi = {10.1137/0404036},
  journal = {SIAM Journal on Discrete Mathematics},
  number = {3},
  pages = {409--412},
  title = {A lower bound on probabilistic algorithms for distributive ring coloring},
  volume = {4},
  year = {1991}
}

@article{naor95what,
  author = {Naor, Moni and Stockmeyer, Larry},
  title = {What can be computed locally?},
  year = {1995},
  pages = {1259--1277},
  doi = {10.1137/S0097539793254571},
  journal = {SIAM Journal on Computing},
  number = {6},
  volume = {24}
}

@misc{Olivetti2019,
  author = {Olivetti, Dennis},
  title = {{Round Eliminator}: a tool for automatic speedup simulation},
  url = {https://github.com/olidennis/round-eliminator},
  year = {2020}
}

@book{papadimitriou98combinatorial,
  author = {Papadimitriou, Christos H. and Steiglitz, Kenneth},
  title = {Combinatorial Optimization: Algorithms and Complexity},
  year = {1998},
  publisher = {Dover Publications, Inc.}
}

@book{peleg00distributed,
  author = {Peleg, David},
  title = {Distributed Computing: A Locality-Sensitive Approach},
  year = {2000},
  publisher = {Society for Industrial and Applied Mathematics},
  series = {SIAM Monographs on Discrete Mathematics and Applications}
}

@article{petersen1891dietheorie,
  author = {Petersen, Julius},
  title = {Die {T}heorie der regul{\"a}ren graphs},
  year = {1891},
  pages = {193--220},
  doi = {10.1007/BF02392606},
  journal = {Acta Mathematica},
  number = {1},
  volume = {15}
}

@article{polishchuk09simple,
  author = {Polishchuk, Valentin and Suomela, Jukka},
  title = {A simple local 3-approximation algorithm for vertex cover},
  year = {2009},
  pages = {642--645},
  doi = {10.1016/j.ipl.2009.02.017},
  eprint = {0810.2175},
  journal = {Information Processing Letters},
  number = {12},
  volume = {109}
}

@inproceedings{suomela10eds,
  author = {Suomela, Jukka},
  title = {Distributed algorithms for edge dominating sets},
  year = {2010},
  pages = {365--374},
  doi = {10.1145/1835698.1835783},
  booktitle = {Proc.\ 29th Annual ACM Symposium on Principles of Distributed Computing (PODC 2010)}
}

@article{Valiant1990,
  author = {Valiant, Leslie G.},
  doi = {10.1145/79173.79181},
  journal = {Communications of the ACM},
  number = {8},
  pages = {103--111},
  title = {A bridging model for parallel computation},
  volume = {33},
  year = {1990}
}

@book{vazirani01approximation,
  author = {Vazirani, Vijay V.},
  title = {Approximation Algorithms},
  year = {2001},
  publisher = {Springer}
}

@article{yamashita96computing,
  author = {Yamashita, Masafumi and Kameda, Tsunehiko},
  title = {Computing on anonymous networks: part {I}---characterizing the solvable cases},
  year = {1996},
  pages = {69--89},
  doi = {10.1109/71.481599},
  journal = {IEEE Transactions on Parallel and Distributed Systems},
  number = {1},
  volume = {7}
}

@article{yannakakis80edge,
  author = {Yannakakis, Mihalis and Gavril, Fanica},
  title = {Edge dominating sets in graphs},
  year = {1980},
  pages = {364--372},
  doi = {10.1137/0138030},
  journal = {SIAM Journal on Applied Mathematics},
  number = {3},
  volume = {38}
}

